1757 2282
454 77 573 121 Index
595 75 927 135 Corfiderationum
941 78 996 128 ἐφ’
1017 80 1297 126 Emblematum.

375 150 562 178 EMBLEMA.

91 194 176 229 Tela
193 194 225 228 in
243 203 364 239 campo
381 191 528 235 exposita
544 216 551 230 ,
567 193 605 223 &
620 189 757 237 desuper
765 191 857 238 aquis

134 243 251 287 rigata,
282 252 356 274 curn
375 238 549 285 inscripto:
582 237 616 271 Α
638 240 769 286 lacrymis
788 249 856 272 can·

132 289 200 327 dor.

250 330 608 368 CONSIDERATIO
636 331 708 370 LII.

88 381 340 430 perpenduntur
358 381 510 420 rationes,
529 391 629 426 quare
644 379 683 417 B.
694 380 801 425 Virgo
820 382 858 413 86

134 427 422 463 MaterDolorosa
436 440 507 462 non
524 426 586 460 uni
601 426 771 461 cumfilio
784 426 857 461 sue-

133 479 172 512 rit
189 475 380 512 immolata?

108 530 112 536 '
371 526 557 554 EMBLEMA.

86 567 242 615 Mei-gula
264 567 332 601 avis
355 567 437 600 inter
459 577 616 612 aquarum
640 562 758 599 fluetus
783 576 856 599 non

134 616 245 656 mersa,
258 613 310 649 sed
326 613 452 661 semper
469 624 655 660 emergenS,
677 624 754 647 cum
773 612 856 647 lem-

131 673 236 699 mate:
254 663 360 700 Mersa
373 673 431 695 non
440 663 593 702 mergitur.

92 711 95 713 ’
237 707 598 745 ΕΟΝΞΙΒΕΚΑἸἸΟ
612 706 701 746 LHL

84 759 139 795 SS.
157 759 228 794 Cor
244 757 413 792 MARIAE
424 785 431 797 ,
446 755 672 791 consummati
691 755 854 802 passione,

135 820 194 855 per
215 806 382 841 Christum
407 803 525 838 Filium
549 803 565 837 ὲ
595 805 734 839 mortuis
759 802 856 838 resur-

134 863 286 903 gentem,
312 851 393 888 mir'e
409 850 611 891 consolaturt

373 902 557 931 EMBLEMA.

84 943 256 981 Columba
268 943 452 983 Nolimica‚
484 941 581 977 olivae
602 954 729 976 ramum
751 939 791 976 ad
807 954 857 976 ar-

130 1006 203 1028 cam
227 994 333 1026 rostro
353 989 550 1038 deportans,
579 1003 656 1026 curn
680 990 852 1024 lemmate:

130 1044 288 1086 Emergere
310 1044 429 1072 nuntiat
444 1039 553 1072 orbem.

237 1085 598 1123 CONSIDERATIO
621 1085 713 1123 LIV.

82 1134 123 1175 Β.
138 1135 246 1183 Virgo
261 1134 380 1169 filium
398 1135 431 1168 in
449 1142 564 1168 monte
581 1133 754 1173 Olivario,
795 1131 851 1168 ubi

131 1182 221 1231 prius
244 1183 389 1230 paffioni
407 1182 538 1215 initium
554 1180 792 1221 datum,'nunc
809 1179 851 1215 ad

131 1230 234 1267 caelos
253 1229 483 1265 ascendentem
498 1228 755 1276 contemplatur.

395 1280 578 1306 EMBLEMA.

81 1319 369 1370 Aquilavolstms,
390 1323 427 1354 δέ
453 1318 561 1354 secum
589 1318 733 1366 praedam
758 1317 853 1365 lepu-
914 1338 920 1342 -

128 1368 252 1403 sculum
267 1367 435 1415 asportans
452 1368 486 1401 in
504 1370 592 1408 aera,
623 1379 699 1401 cum
715 1365 852 1400 lemma-

128 1426 176 1451 te:
202 1419 277 1450 nm
298 1415 427 1456 praciam
446 1418 569 1448 tartari.

237 1461 597 1498 CONSIDERATIO
628 1461 703 1496 LV.

82 1511 274 1547 Secundum
291 1509 543 1545 multitudinem
557 1509 716 1544 dolorum
731 1507 854 1543 conso-

127 1560 266 1594 lationes
278 1558 414 1606 Spiritus
422 1556 535 1593 saneti
546 1556 772 1595 laetificantSS.
782 1556 854 1591 Cor

126 1607 285 1654 Virginis,

398 1656 582 1683 EMBLEMA.

79 1695 149 1732 Ros
171 1696 211 1731 de
236 1696 321 1732 coelo
345 1695 544 1732 descendens
565 1723 574 1737 ,
601 1699 638 1730 δε
659 1693 850 1743 languentes

127 1747 253 1792 erigens
264 1743 431 1785 flosculos,
442 1757 516 1779 cum
525 1743 701 1791 inscripto:
750 1744 851 1777 Dulce

124 1796 317 1839 reJn'gerium

225 1838 584 1875 CONSIDERATIO
611 1839 703 1877 LVI.

82 1887 200 1924 Matris
214 1887 391 1922 Dolorosae
401 1886 556 1934 exemplo
566 1886 740 1927 docemur,
765 1898 853 1934 quo-

130 1935 239 1970 modo
261 1933 349 1970 redt‘e
367 1938 404 1969 66
423 1947 498 1970 cum
513 1933 625 1969 fruetu
639 1934 679 1969 ad
699 1933 804 1971 DEU

134 1996 228 2018 orare
245 1982 434 2017 debeamus.

386 2032 569 2061 EMBLEMA.

79 2073 216 2122 Regula,
231 2071 284 2108 seu
300 2072 442 2114 amuffis,
455 2074 547 2120 juxta
566 2083 668 2121 quam
682 2070 856 2120 architeffiv

965 143 1018 172 lua
1035 148 1202 182 extruunt,
1220 146 1257 176 &c
1273 141 1416 188 dirigunt
1432 140 1582 186 aedificia,
1605 157 1681 181 cum

961 184 1133 221 lemmatet
1165 191 1252 221 Recta
1267 187 1284 222 ἆ
1302 191 1401 223 Reda.

1049 234 1408 272 CONSIDERATIO
1435 236 1543 277 LVII.

915 278 956 318 Β.
966 280 1073 328 Virgo
1092 281 1248 317 &Mater
1258 283 1428 318 Dolorosa
1441 285 1565 321 affidua
1582 288 1680 322 virtu-

965 335 1037 361 tum
1061 331 1291 365 exercitatione
1314 331 1472 378 singulare
1488 333 1585 369 nobis
1603 347 1683 381 prae-

963 373 1034 410 buit
1042 375 1208 424 specimen
1224 380 1384 425 temporis
1394 378 1476 415 bene
1486 380 1631 417 locandi.

1027 444 1032 448 .
1193 429 1376 455 EMBLEMA.

915 462 1047 500 Ferrum
1066 467 1160 513 super
1189 467 1344 503 incudem
1366 467 1519 504 locatum
1556 470 1680 506 malleo

963 513 1120 553 tunditur,
1130 526 1206 549 cum
1217 514 1387 550 lemmate:
1414 521 1497 551 Dum
1512 521 1598 557 calet,

1047 561 1406 599 CONSIDERATIO
1431 564 1553 600 LVIII.

913 606 952 643 B.
962 608 1068 655 Virgo
1086 610 1184 644 etiam
1205 613 1282 658 post
1298 609 1370 646 Filii
1386 613 1418 646 in
1434 612 1554 648 coelum
1572 613 1681 649 ascen·

960 656 1089 690 sionem
1109 655 1221 693 sedulo
1236 659 1465 694 amariffimam
1478 663 1544 708 ejus
1553 662 1679 708 paffio-

960 715 1038 738 nem
1053 704 1284 744 meditabatur.

1212 758 1394 785 EMBLEMA.

911 792 1036 844 Turtur
1050 794 1162 829 sedens
1180 795 1315 831 solitaria
1330 798 1362 831 in
1373 796 1581 845 spelunca,&
1597 810 1679 833 con·

959 844 1081 876 lortem
1098 842 1188 891 suum
1203 844 1398 891 deplorans,
1422 858 1498 881 cum
1514 845 1680 880 lemmate:

962 892 1069 924 Gemit
1094 893 1225 925 duellum
1241 896 1330 931 [uum.

1052 938 1411 975 CONSIDERATIO
1439 939 1526 976 LIX.

911 983 1062 1032 B.Virgo
1073 990 1109 1020 &
1117 986 1228 1021 Mater
1236 987 1405 1022 Dolorosa
1415 986 1515 1022 docet
1524 987 1678 1030 modum,

961 1033 1098 1081 qualiter
1107 1046 1170 1068 nos
1181 1044 1337 1082 oporteat
1345 1035 1463 1071 Christi
1471 1035 1542 1070 Filii
1552 1037 1678 1083 passio-

955 1093 1034 1115 nem
1058 1081 1217 1117 meditari.

1205 1133 1389 1162 EMBLEMA.

909 1169 1057 1218 Elephas
1066 1171 1106 1207 ad
1117 1173 1341 1207 ostensionem
1350 1172 1512 1221 sanguinis
1527 1186 1607 1215 uvae,
1624 1182 1678 1209 aut

959 1221 1062 1261 mori,
1079 1219 1120 1254 ad
1136 1229 1299 1256 certamen
1315 1221 1490 1262 animatur,
1505 1234 1582 1257 cum
1598 1221 1680 1257 lem-

961 1276 1064 1303 mate:
1093 1270 1125 1302 A
1142 1273 1220 1301 uitur
1234 1271 1264 1301 in
1287 1271 1417 1310 pralium

1064 1315 1423 1351 CONSIDERATIO
1450 1316 1523 1354 LX.

910 1360 1022 1396 Mater
1033 1363 1165 1397 Amoris
1174 1368 1209 1398 ὃ(
1219 1363 1358 1398 Doloris
1367 1364 1491 1398 instruit
1501 1376 1574 1406 nos,
1592 1377 1679 1412 quo-

960 1410 1068 1445 modo
1084 1410 1208 1458 semper
1232 1410 1453 1458 inpraesentia
1468 1411 1549 1446 DEI
1563 1412 1679 1447 ambu-

960 1457 1025 1493 lare
1044 1458 1232 1497 debeamus.

1202 1509 1383 1536 EMBLEMA.

910 1547 968 1582 Sol
982 1548 1151 1584 altissimus
1162 1549 1233 1584 Cor
1241 1547 1612 1584 adamantinumintim'e
1620 1562 1678 1597 pe-

960 1606 1090 1631 netrans
1101 1624 1109 1638 ‚
1137 1601 1175 1632 δέ
1189 1596 1285 1631 radiis
1301 1595 1361 1631 suis
1371 1596 1554 1643 pervadens
1573 1623 1582 1639 ,
1601 1610 1677 1633 cum

958 1643 1130 1679 lemmate:
1158 1648 1267 1677 [mima
1282 1644 1395 1690 luſtrat.

1061 1691 1419 1727 CONSIDERATIO
1446 1691 1534 1728 LXI.

908 1739 1060 1788 B.Virg0
1070 1744 1107 1775 δέ
1117 1739 1227 1774 Mater
1236 1740 1369 1774 Amoris
1379 1744 1415 1774 &
1426 1739 1565 1775 Doloris
1578 1739 1678 1777 docet

961 1801 1025 1823 nos
1041 1796 1166 1823 terrena
1180 1786 1355 1836 despicere,
1371 1786 1528 1823 &solum
1536 1787 1678 1824 coelestia

957 1836 1150 1874 defiderare.

1201 1887 1383 1914 EMBLEMA.

911 1927 1067 1968 Avicula,
1084 1926 1152 1961 aliis
1170 1921 1226 1961 sub
1243 1926 1379 1962 reticulo
1397 1919 1612 1968 haerentibus,
1635 1926 1678 1962 ad

958 1976 1093 2011 Coelum
1112 1973 1237 2010 cursum
1260 1974 1352 2009 suurn
1369 1974 1572 2016 accelerans,
1600 1987 1678 2010 cum

956 2022 1132 2071 inscripto:
1169 2022 1226 2058 Ad
1236 2022 1336 2067 sidera
1352 2023 1476 2069 furlum.

1361 2102 1366 2105 ,
1554 2069 1676 2113 CON,
