1757 2282
86 205 111 233 G
117 205 180 236 :nec
186 218 224 245 ²7·

103 253 140 273 aa.

79 375 189 412 Roma.
202 389 238 416 ιγ,

63 624 70 633 ”
87 620 195 653 Con-nel.
212 628 239 657 in

88 658 183 693 Genss·
189 674 226 695 22.

86 1022 190 1051 Martin.
201 1023 228 1052 in

86 1060 194 1097 Proloq.
206 1062 239 1089 de

85 1095 148 1126 Pais.
159 1099 241 1128 Dom.

262 125 350 168 410
738 100 981 170 'cmfzszemzo
1011 114 1165 162 LVJH.

263 182 383 215 Amor
396 190 497 215 meus
513 179 693 218 crucifixus
708 180 771 219 est:
789 182 901 220 Vivat
925 183 1067 229 JESUS
1083 196 1189 220 amor
1201 195 1314 225 meus,
1332 185 1367 221 ὃ(
1394 183 1562 224 MARIA
1577 185 1697 225 Macer
1721 207 1733 217 s

263 229 354 271 ejuss
374 230 407 263 ὅ(
424 230 569 265 interim
582 241 745 266 mentem
757 229 800 266 ad
813 243 983 267 creaturas
992 233 1260 268 convertimus?
1275 231 1332 268 Sic
1341 246 1401 268 vox
1412 237 1525 280 quidem
1535 235 1573 279 eli
1588 235 1694 282 Jacob,

265 287 365 310 nunus
379 286 478 311 autem
504 288 607 312 mmus
618 286 688 322 sunt
706 278 790 323 Esau,
802 277 890 315 dum
903 278 999 316 aliud
1013 278 1307 327 loquimur‚aliud
1322 293 1524 327 operamur.
1565 282 1605 319 O
1627 295 1696 319 nos

265 320 446 365 defides‚&
461 324 606 363 miseros
616 327 622 362 Ξ
634 329 772 373 quoties
780 326 1032 373 aspicimus‚vel
1052 327 1238 364 transimus
1247 330 1446 377 imaginem
1455 330 1697 368 CrucifixiRe-

266 368 465 418 demptoris
477 372 898 412 nostri,acsacraffl⁷fimae
916 374 1093 412 dolorosae
1103 375 1230 413 Matris
1240 375 1284 412 ad
1298 375 1427 423 pedem
1442 381 1550 414 crucis
1563 377 1695 422 stantis,

270 422 306 459 ὅ(
321 418 499 459 ridemus?
526 421 568 458 Et
582 421 676 458 nulla
691 421 1006 460 commiseratione
1026 423 1195 473 ergaillos
1212 428 1394 474 tangimur
1408 431 1422 459 ?
1449 429 1481 460 Si
1489 432 1692 472 compatimur,

265 468 304 505 ἀ
313 470 597 526 conglorificabimur
606 498 615 513 ‚
628 469 687 506 ubi
698 471 816 508 nostra
832 471 1032 522 compass'm
1048 472 1109 509 est?
1118 472 1154 509 S.
1165 471 1360 522 Gregorius
1366 469 1544 520 Nyffenus
1555 473 1695 521 Episco-

264 529 347 563 pus,
368 529 454 554 cum
469 517 661 564 aliquando
676 521 712 555 in
727 519 862 565 pistura
871 518 1081 557 oblervaisl'et
1097 549 1106 563 ‚
1123 518 1408 558 &conriderfiffet
1419 548 1427 563 ,
1445 522 1602 558 severam
1617 521 1694 559 Ab·

267 563 405 602 rahami
421 568 590 613 pietatem
604 595 613 609 ,
650 565 693 604 ua
707 566 864 605 Isaacum
879 567 992 605 filium
1006 567 1109 605 suum
1126 568 1225 614 super
1238 568 1368 606 struem
1388 568 1572 618 lignorum
1584 569 1694 607 DEO

267 615 306 650 in
321 611 569 651 holocaustum
579 580 711 653 ofilerre
721 615 876 653 intendit
885 644 893 658 ,
908 629 997 654 mox
1011 619 1047 653 in
1062 615 1270 667 largissimas
1279 615 1438 664 profusus
1447 616 1493 654 est
1505 617 1676 665 lacrymas
1684 632 1695 654 :

270 663 364 704 Vidi,
379 665 430 699 ait
445 661 513 710 ipse
525 691 533 705 ‚
550 667 650 710 Jaepius
667 665 888 712 descriptionem
903 669 961 708 ejus
978 666 1270 713 (immolationis
1296 664 1390 703 Isaac
1407 666 1633 715 imaginem)
1657 666 1696 704 ἀ

267 710 327 753 {ine
338 714 469 762 lacrymis
482 713 607 757 transire
616 726 674 748 non
692 716 790 759 potui.
809 711 874 748 ctim
885 724 946 749 um
956 713 1113 759 efficaciter
1123 741 1132 756 ‚
1150 715 1189 749 ό*
1201 716 1240 748 ad
1251 719 1356 749 vivum
1376 716 1412 749 ob
1428 719 1525 750 oculos
1543 715 1695 759 historiam

268 771 314 795 m
333 770 465 806 poneret.
493 758 590 798 Eheu
609 759 669 797 ubi
688 760 814 798 nostrae
832 760 912 798 sunt
929 760 1112 809 lacrymae?
1141 760 1209 798 Vel
1227 760 1347 798 saltem
1365 760 1474 812 digna
1505 760 1697 799 commise-

269 809 361 844 ratio
370 835 378 849 ,
390 811 537 846 &amor
546 811 744 857 reciprocus
754 838 762 851 ,
775 808 863 846 dum
875 806 1035 859 effigiem
1047 809 1218 846 Crucifixi
1231 809 1312 847 DEI
1324 809 1397 846 Filii
1410 814 1444 847 &
1453 806 1697 847 affiiffiffimae

268 854 397 892 Matris
410 858 482 902 ejus
497 859 679 894 intuemur
693 884 701 895 ,
715 856 772 893 vel
786 857 1111 905 comtemplamur3
1126 857 1249 905 Siquis
1260 857 1530 895 amicorumtali
1541 871 1581 894 ac
1589 868 1694 894 tanto

266 902 446 953 sanguinis
456 907 570 951 pretio
585 917 637 947 te,
655 905 694 943 O
705 905 904 943 Christiane
915 934 923 949 ‚
938 901 1086 942 amorte
1100 903 1286 948 liberasset,
1299 917 1435 954 quanto
1446 933 1454 949 ,
1464 903 1613 944 obsecro
1629 933 1639 950 ‚
1661 916 1695 942 te
1754 925 1757 939 ι

267 951 317 988 illi
332 951 544 990 obstrieltum
563 954 773 1001 profitereris
787 953 988 991 beneficio?
1007 953 1049 991 Et
1062 953 1219 991 DEUM
1236 966 1309 990 non
1327 960 1447 991 curas?

317 999 425 1038 Hanc
436 1003 623 1039 veritatem
638 997 722 1038 cum
735 1001 928 1050 aliquando
938 1002 975 1041 S.
985 1001 1178 1039 Elisabetha
1186 1001 1238 1040 Re
1266 1005 1292 1038 is
1302 1002 1475 1052 Ungariae
1487 1001 1571 1040 Filia
1583 1011 1697 1040 atten-

266 1050 361 1086 tiore
389 1061 513 1099 mente
534 1047 777 1087 confiderffiet
803 1079 812 1093 ‚
830 1050 1000 1098 fimulque
1021 1048 1220 1087 luetuosam
1274 1050 1409 1087 rucifixi
1423 1050 1511 1097 JEsu
1531 1046 1694 1100 effigiem
1753 1094 1757 1102 ρ

269 1099 306 1133 in
317 1096 454 1145 templo
467 1097 648 1144 aspiceret,
659 1100 750 1135 inter
759 1111 886 1134 manus
898 1097 1065 1144 Gynaecei
1075 1125 1084 1139 ,
1095 1095 1280 1134 deficiente
1291 1101 1416 1134 animo
1427 1126 1435 1139 ,
1448 1101 1485 1134 in
1497 1097 1696 1145 deliquium

267 1145 300 1183 la
327 1143 360 1182 sa
374 1144 436 1187 est.
453 1144 513 1182 ubi
527 1144 675 1182 tandem
685 1143 728 1181 ad
739 1145 771 1181 se
779 1144 918 1181 rediens
932 1143 1161 1181 exclamavit:
1182 1144 1251 1181 Ubi
1266 1157 1363 1182 eram
1377 1143 1564 1189 haetenus,
1588 1146 1627 1183 O
1643 1149 1698 1183 mi

267 1193 287 1240 J
319 1191 372 1230 su!
392 1193 431 1230 O
446 1205 550 1230 amor
560 1193 743 1230 crucifixe?
770 1193 832 1230 Tu
853 1192 934 1230 coeli
948 1203 1115 1239 terraeque
1126 1191 1311 1229 Dominus
1325 1195 1364 1229 in
1379 1191 1480 1242 ligno
1493 1192 1610 1230 nudus
1624 1221 1634 1236 ‚
1661 1197 1697 1230 &

265 1240 422 1287 abjeems
443 1241 574 1288 pendes
585 1269 594 1283 ‚
609 1245 642 1278 δε
654 1253 721 1290 ego
735 1239 934 1288 superbiam
944 1251 1033 1276 terra
1052 1244 1086 1276 ὅ(
1098 1242 1184 1275 cinis
1197 1240 1210 1276 3
1236 1239 1298 1276 Tu
1310 1243 1462 1276 cruentis
1476 1239 1580 1286 spinis
1591 1254 1698 1277 coro-
1755 1242 1757 1247 '

265 1300 370 1327 natus
381 1301 414 1325 es
425 1317 433 1331 ,
449 1292 480 1325 ὃ(
492 1302 560 1338 ego
575 1286 677 1326 aurea
687 1291 912 1338 gemmisque
927 1285 1089 1324 distineri
1103 1284 1260 1325 corona?
1275 1287 1337 1324 Tu
1352 1288 1495 1334 sponlus
1504 1299 1604 1324 meus
1615 1301 1697 1335 pur-

266 1350 380 1386 pureo
394 1347 492 1374 natas
502 1340 538 1373 in
551 1337 718 1386 sanguine
730 1365 738 1378 ,
750 1340 784 1373 &
797 1348 865 1385 ego
880 1332 1030 1382 purpura
1043 1332 1137 1383 regia
1151 1338 1185 1371 ὃ(
1196 1333 1298 1372 aurea
1308 1333 1374 1372 tel-21
1387 1334 1532 1372 vestiar?
1564 1335 1628 1373 Tu
1643 1334 1697 1373 di·
1749 1359 1757 1383 ,ι

268 1382 414 1424 riffimis
424 1384 527 1421 clavis
535 1385 726 1431 perforatas
740 1383 850 1433 gestas
863 1396 1011 1424 manus,
1033 1386 1066 1419 ὃ(
1082 1396 1099 1419 e
1127 1396 1150 1419 o
1164 1382 1321 1429 pretiosis
1355 1381 1566 1420 chirothecis
1582 1397 1637 1421 eas
1649 1395 1701 1421 te-
1756 1413 1757 1417 ,

268 1439 372 1485 gam?
381 1432 747 1471 SacratissimumCor
759 1436 792 1468 ὃς
802 1431 907 1469 Latus
919 1442 1022 1468 tuum
1033 1444 1091 1467 cru
1121 1429 1269 1468 eliffima
1278 1430 1397 1468 lancea
1407 1430 1627 1479 perforatum
1639 1432 1698 1477 est.
1744 1442 1749 1454 ⁴

268 1486 306 1519 ὅ(
317 1494 384 1532 ego
396 1494 457 1518 cor
467 1480 598 1518 durum
609 1493 689 1530 erga
702 1492 735 1517 te
747 1483 781 1516 ὃ(
791 1493 956 1528 pauperes
966 1491 1089 1529 geram
1099 1480 1118 1522 ‘3
1129 1478 1191 1516 Tu
1203 1481 1240 1516 in
1251 1477 1348 1516 suffia
1361 1483 1394 1516 ὅ(
1405 1491 1562 1516 extrema
1571 1493 1700 1528 paupe-

272 1533 374 1573 tie&
387 1541 456 1579 ego
467 1532 504 1567 in
515 1529 712 1577 opulentia?
719 1528 780 1565 Tu
789 1526 1005 1566 novissimus
1017 1529 1190 1568 virorum,
1202 1530 1235 1564 &
1246 1540 1314 1583 ego
1326 1530 1465 1574 cupiam
1474 1528 1675 1577 magnifieri
1685 1535 1702 1565 ἓ
1746 1542 1748 1555 1

270 1577 336 1620 Tu
351 1581 387 1615 in
397 1579 492 1616 fame
508 1582 542 1614 ὅ(
554 1577 654 1618 sim&
665 1589 732 1626 ego
743 1579 780 1613 in
791 1575 963 1624 exquifitis
975 1574 1162 1622 epulis?Tu
1173 1578 1210 1611 in
1219 1573 1324 1613 sumis
1336 1574 1571 1618 doloribus,&
1581 1587 1650 1634 ego
1664 1581 1703 1616 in

270 1625 447 1676 regalibus
455 1624 580 1663 delitiis
592 1628 604 1663 ?
616 1625 655 1662 O
665 1622 906 1661 amantiffime
914 1622 1460 1670 Jesulquomodohastenus·tam
1471 1622 1627 1673 benigne
1637 1639 1701 1673 po-

271 1685 361 1712 teras
375 1673 523 1712 tolerare
533 1672 740 1711 taminutile
751 1684 847 1710 terrae
861 1670 1024 1719 pondus?
1044 1672 1118 1708 Aut
1134 1670 1277 1718 posthac
1292 1671 1357 1709 alia
1376 1685 1453 1713 ero.
1465 1683 1523 1708 aut
1533 1674 1629 1711 nulla
1640 1685 1700 1712 aut

273 1723 340 1763 tibi
354 1727 495 1765 vivam,
523 1734 584 1759 aut
595 1734 671 1758 non
687 1715 836 1768 amplius
848 1722 982 1756 vivam.
1011 1719 1131 1762 Dixit.
1154 1718 1317 1757 habitum
1333 1723 1473 1768 regium
1490 1731 1573 1756 cum
1585 1721 1702 1769 plebe-

273 1773 311 1816 io
327 1772 546 1814 coffiutavit,
563 1772 746 1817 vitamque
756 1765 1023 1808 merissimam,
1039 1778 1146 1814 prout
1156 1771 1202 1804 rei
1215 1779 1362 1805 eventus
1373 1767 1489 1813 postea
1501 1766 1701 1813 declaravit.

277 1814 561 1856 constantissime
576 1816 682 1866 usque
696 1815 741 1853 acl
750 1816 895 1854 beatum
909 1815 1053 1852 obitum
1064 1814 1174 1853 duxit.
1193 1811 1361 1853 Tantum
1373 1815 1454 1852 huic
1464 1816 1605 1864 Reginae
1619 1830 1702 1864 pro-

276 1866 364 1906 fuit,
379 1866 435 1904 vel
453 1866 559 1903 semel
578 1866 802 1904 crucifixum
815 1863 980 1910 JESUM
994 1865 1054 1910 pio
1066 1866 1196 1900 mentis
1212 1863 1321 1901 oculo
1333 1861 1569 1902 considerasse.
1594 1863 1638 1901 Et
1651 1876 1703 1909 tu,

279 1915 319 1952 O
330 1917 449 1951 anime
464 1917 516 1950 mi
535 1942 544 1956 ,
568 1913 654 1962 quid
664 1916 735 1963 agis
747 1942 755 1955 ,
773 1916 833 1960 qui
846 1914 950 1949 toties
963 1911 1186 1950 Crucifixum
1201 1914 1238 1949 in
1248 1915 1320 1954 via,
1340 1915 1378 1950 in
1389 1912 1524 1960 templo
1537 1941 1547 1955 ,
1563 1915 1599 1949 in
1617 1926 1704 1950 con-

279 1963 371 2007 clavi
388 1961 616 2009 conspicaris'z
630 1962 671 1999 Et
682 1961 783 1999 nullo
795 1963 926 1999 amoris
941 1953 1074 1996 affeetu
1096 1963 1130 1998 ὃς
1143 1959 1240 1996 sensu
1256 1963 1293 1998 in
1307 1959 1407 1997 illum
1421 1963 1578 1998 moveris
1590 1960 1603 1998 3

359 2022 388 2056 ς.
416 2010 537 2048 Refert
560 2011 682 2047 AEneas
705 2009 845 2056 Sylvius
856 2036 864 2049 .
880 2007 999 2055 postea
1010 2006 1179 2046 Pontifex
1187 2007 1371 2047 Maximus
1381 2035 1391 2049 .
1413 2007 1495 2045 Pius
1506 2008 1552 2046 Π.
1573 2007 1687 2046 ἀίξὶυς
1698 2035 1708 2049 .

287 2054 388 2107 quod
402 2057 580 2098 Pachoras
594 2056 725 2098 nobilis
739 2059 876 2103 iuvenis
892 2055 1060 2095 Lucretiae
1072 2055 1208 2095 amafiae
1222 2054 1288 2095 suae
1301 2054 1398 2105 aeque
1410 2056 1525 2096 nobili
1540 2060 1576 2095 in
1591 2057 1698 2095 fincer
1746 2080 1747 2083 =

1609 2118 1722 2148 amo-i-
